<record><leader>00000cas a2200000 i 4500</leader><controlfield tag="001">861797060</controlfield><controlfield tag="006">m     o  d        </controlfield><controlfield tag="007">cr |||||||||||</controlfield><controlfield tag="008">131031d1867187utnuwr neo     0   a0eng  </controlfield><datafield ind1=" " ind2=" " tag="010"><subfield code="a">  2013218970</subfield></datafield><datafield ind1=" " ind2=" " tag="040"><subfield code="a">DLC</subfield><subfield code="b">eng</subfield><subfield code="e">rda</subfield><subfield code="c">DLC</subfield><subfield code="d">DLC</subfield><subfield code="d">OCLCO</subfield><subfield code="d">OCLCF</subfield></datafield><datafield ind1="0" ind2=" " tag="022"><subfield code="a">2331-0278</subfield><subfield code="2">1</subfield></datafield><datafield ind1=" " ind2=" " tag="042"><subfield code="a">pcc</subfield><subfield code="a">nsdp</subfield></datafield><datafield ind1=" " ind2=" " tag="043"><subfield code="a">n-us-tn</subfield></datafield><datafield ind1="1" ind2="0" tag="050"><subfield code="a">ISSN RECORD</subfield></datafield><datafield ind1="0" ind2="0" tag="082"><subfield code="a">071</subfield><subfield code="2">23</subfield></datafield><datafield ind1="0" ind2=" " tag="130"><subfield code="a">Maryville Republican (Maryville, Tenn. : 1867 : Online)</subfield></datafield><datafield ind1=" " ind2="0" tag="222"><subfield code="a">Maryville Republican</subfield><subfield code="b">(Maryville, Tenn. 1867. Online)</subfield></datafield><datafield ind1="1" ind2="0" tag="245"><subfield code="a">Maryville Republican.</subfield></datafield><datafield ind1="1" ind2=" " tag="246"><subfield code="i">Colophon title:</subfield><subfield code="a">Republican</subfield></datafield><datafield ind1=" " ind2="1" tag="264"><subfield code="a">Maryville, Tenn. :</subfield><subfield code="b">William B. Scott, Sen.</subfield></datafield><datafield ind1=" " ind2=" " tag="310"><subfield code="a">Weekly</subfield></datafield><datafield ind1=" " ind2=" " tag="336"><subfield code="a">text</subfield><subfield code="b">txt</subfield><subfield code="2">rdacontent</subfield></datafield><datafield ind1=" " ind2=" " tag="337"><subfield code="a">computer</subfield><subfield code="b">c</subfield><subfield code="2">rdamedia</subfield></datafield><datafield ind1=" " ind2=" " tag="338"><subfield code="a">online resource</subfield><subfield code="b">cr</subfield><subfield code="2">rdacarrier</subfield></datafield><datafield ind1="1" ind2=" " tag="362"><subfield code="a">Began with Oct. 26, 1867 issue.</subfield></datafield><datafield ind1=" " ind2=" " tag="500"><subfield code="a">Publisher: W.B. Scott, 1867-&lt;1870&gt;</subfield></datafield><datafield ind1=" " ind2=" " tag="500"><subfield code="a">Editor: R.C. Tucker &amp; M. McConnell, &lt;1867&gt;; R.C. Tucker, &lt;1868&gt;</subfield></datafield><datafield ind1="8" ind2=" " tag="521"><subfield code="a">"Black newspaper." Cf. Black periodicals and newspapers.</subfield></datafield><datafield ind1=" " ind2=" " tag="530"><subfield code="a">Available on microfilm from Tennessee State Library and Archives, Nashville, Tenn.</subfield></datafield><datafield ind1=" " ind2=" " tag="530"><subfield code="a">Microfilmed by the Library of Congress for the Committee on Negro Studies of the American Council of Learned Societies.</subfield></datafield><datafield ind1=" " ind2=" " tag="588"><subfield code="a">Description based on: Vol. I, no. 2 (November 2, 1867); title from masthead (Chroniclingamerica.loc.gov, viewed September 11, 2013).</subfield></datafield><datafield ind1=" " ind2=" " tag="588"><subfield code="a">Latest issue consulted: Vol. III, no. 8 (February 26, 1870) (Chroniclingamerica.loc.gov, viewed September 11, 2013).</subfield></datafield><datafield ind1=" " ind2="0" tag="650"><subfield code="a">African American newspapers</subfield><subfield code="z">Tennessee.</subfield></datafield><datafield ind1=" " ind2="0" tag="650"><subfield code="a">African Americans</subfield><subfield code="z">Tennessee</subfield><subfield code="z">Maryville</subfield><subfield code="v">Newspapers.</subfield></datafield><datafield ind1=" " ind2="0" tag="651"><subfield code="a">Maryville (Tenn.)</subfield><subfield code="v">Newspapers.</subfield></datafield><datafield ind1=" " ind2="0" tag="651"><subfield code="a">Blount County (Tenn.)</subfield><subfield code="v">Newspapers.</subfield></datafield><datafield ind1=" " ind2="7" tag="655"><subfield code="a">African American newspapers.</subfield><subfield code="2">ngl</subfield></datafield><datafield ind1=" " ind2="7" tag="655"><subfield code="a">Newspapers.</subfield><subfield code="2">fast</subfield><subfield code="0">(OCoLC)fst01423814</subfield></datafield><datafield ind1=" " ind2="7" tag="650"><subfield code="a">African American newspapers.</subfield><subfield code="2">fast</subfield><subfield code="0">(OCoLC)fst00799278</subfield></datafield><datafield ind1=" " ind2="7" tag="650"><subfield code="a">African Americans.</subfield><subfield code="2">fast</subfield><subfield code="0">(OCoLC)fst00799558</subfield></datafield><datafield ind1=" " ind2="7" tag="651"><subfield code="a">Tennessee.</subfield><subfield code="2">fast</subfield><subfield code="0">(OCoLC)fst01205353</subfield></datafield><datafield ind1=" " ind2="7" tag="651"><subfield code="a">Tennessee</subfield><subfield code="z">Blount County.</subfield><subfield code="2">fast</subfield><subfield code="0">(OCoLC)fst01212352</subfield></datafield><datafield ind1=" " ind2="7" tag="651"><subfield code="a">Tennessee</subfield><subfield code="z">Maryville.</subfield><subfield code="2">fast</subfield><subfield code="0">(OCoLC)fst01204582</subfield></datafield><datafield ind1=" " ind2=" " tag="752"><subfield code="a">United States</subfield><subfield code="b">Tennessee</subfield><subfield code="c">Blount</subfield><subfield code="d">Maryville.</subfield></datafield><datafield ind1="0" ind2="8" tag="776"><subfield code="i">Originally issued in print:</subfield><subfield code="t">Maryville Republican (Maryville, Tenn. : 1867)</subfield><subfield code="x">2331-026X</subfield><subfield code="w">(DLC)sn 83025728</subfield><subfield code="w">(OCoLC)9765605</subfield></datafield><datafield ind1="0" ind2="0" tag="785"><subfield code="t">Republican (Maryville, Tenn. : Online)</subfield><subfield code="x">2331-3048</subfield><subfield code="w">(DLC)  2013218985</subfield><subfield code="w">(OCoLC)858919473</subfield></datafield><datafield ind1="4" ind2="0" tag="856"><subfield code="u">http://chroniclingamerica.loc.gov/lccn/sn83025728/issues</subfield></datafield></record>